<record><leader>00000cas a22000007a 4500</leader><controlfield tag="001">14713190</controlfield><controlfield tag="008">861114d1948197utxuwr ne      0    0eng d</controlfield><datafield ind1=" " ind2=" " tag="010"><subfield code="a">sn 86090140 </subfield></datafield><datafield ind1=" " ind2=" " tag="040"><subfield code="a">PPM</subfield><subfield code="b">eng</subfield><subfield code="c">PPM</subfield><subfield code="d">OCLCQ</subfield></datafield><datafield ind1=" " ind2=" " tag="042"><subfield code="a">msc</subfield></datafield><datafield ind1="0" ind2="4" tag="245"><subfield code="a">The Midcounty review.</subfield></datafield><datafield ind1=" " ind2=" " tag="260"><subfield code="a">Nederland, Tex. :</subfield><subfield code="b">[s.n.]</subfield></datafield><datafield ind1=" " ind2=" " tag="300"><subfield code="a">v. :</subfield><subfield code="b">ill. ;</subfield><subfield code="c">43 cm.</subfield></datafield><datafield ind1=" " ind2=" " tag="310"><subfield code="a">Weekly</subfield></datafield><datafield ind1="1" ind2=" " tag="362"><subfield code="a">Began in 1948?</subfield></datafield><datafield ind1=" " ind2=" " tag="588"><subfield code="a">Description based on: Vol. 18, no. 8 (Feb. 24, 1966).</subfield></datafield><datafield ind1=" " ind2=" " tag="752"><subfield code="a">United States</subfield><subfield code="b">Texas</subfield><subfield code="c">Jefferson</subfield><subfield code="d">Nederland.</subfield></datafield><datafield ind1="0" ind2="7" tag="785"><subfield code="t">Midcounty chronicle</subfield><subfield code="w">(DLC)sn 88083314</subfield></datafield><datafield ind1="0" ind2="7" tag="785"><subfield code="t">Midcounty chronicle review</subfield><subfield code="w">(DLC)sn 88083313</subfield></datafield></record>